%% This BibTeX bibliography file was created using BibDesk.
%% http://bibdesk.sourceforge.net/


%% Created for Pedro Martins at 2015-05-01 12:12:12 +0100 


%% Saved with string encoding Unicode (UTF-8) 



@webpage{sqlserverdbms,
	Author = {SearchSQLServer},
	Date-Added = {2015-05-01 11:08:45 +0000},
	Date-Modified = {2015-05-01 11:11:13 +0000},
	Note = {[Online; acedido em Maio 2015]},
	Title = {What is a Database Management System (DBMS)?},
	Url = {http://searchsqlserver.techtarget.com/definition/database-management-system},
	Bdsk-Url-1 = {http://searchsqlserver.techtarget.com/definition/database-management-system}}

@webpage{dbmswiki,
	Author = {Wikipedia},
	Date-Added = {2015-05-01 11:08:42 +0000},
	Date-Modified = {2015-05-01 11:12:10 +0000},
	Note = {[Online; acedido em Maio 2015]},
	Title = {Database},
	Url = {http://en.wikipedia.org/wiki/Database},
	Bdsk-Url-1 = {http://searchsqlserver.techtarget.com/definition/database-management-system}}

@webpage{sqlwiki,
	Author = {Wikipedia},
	Date-Added = {2015-05-01 11:08:36 +0000},
	Date-Modified = {2015-05-01 11:10:25 +0000},
	Note = {[Online; acedido em Maio 2015]},
	Title = {SQL},
	Url = {http://en.wikipedia.org/wiki/SQL},
	Bdsk-Url-1 = {http://searchsqlserver.techtarget.com/definition/database-management-system}}
